<?xml version="1.0" encoding="UTF-8"?>
<record xmlns="http://www.loc.gov/MARC21/slim" xmlns:xsi="http://www.w3.org/2001/XMLSchema-instance" xsi:schemaLocation="http://www.loc.gov/MARC21/slim http://www.loc.gov/standards/marcxml/schema/MARC21slim.xsd">
<leader>00000cam a22      a 4500</leader>
<controlfield tag="001">001972535</controlfield>
<controlfield tag="003">NNU</controlfield>
<controlfield tag="005">20150124155448.0</controlfield>
<controlfield tag="008">910415s1987    ir h     bi   001 0 perr</controlfield>
<datafield tag="010" ind1=" " ind2=" ">
<subfield code="a">   90933127</subfield>
</datafield>
<datafield tag="035" ind1=" " ind2=" ">
<subfield code="a">(OCoLC)22642420</subfield>
<subfield code="z">(OCoLC)29531374</subfield>
</datafield>
<datafield tag="040" ind1=" " ind2=" ">
<subfield code="a">DLC</subfield>
<subfield code="b">eng</subfield>
<subfield code="c">DLC</subfield>
<subfield code="d">HLS</subfield>
<subfield code="d">PUL</subfield>
<subfield code="d">OCLCO</subfield>
<subfield code="d">OCLCA</subfield>
<subfield code="d">OCLCF</subfield>
<subfield code="d">OCLCA</subfield>
<subfield code="d">OCLCQ</subfield>
<subfield code="d">OCLCO</subfield>
<subfield code="d">NNU</subfield>
</datafield>
<datafield tag="041" ind1="0" ind2=" ">
<subfield code="a">araper</subfield>
</datafield>
<datafield tag="050" ind1=" " ind2="4">
<subfield code="a">BP133</subfield>
<subfield code="b">.R83 1987</subfield>
</datafield>
<datafield tag="050" ind1="0" ind2="0">
<subfield code="a">BP133</subfield>
<subfield code="b">.R84 1987</subfield>
</datafield>
<datafield tag="100" ind1="1" ind2=" ">
<subfield code="6">880-01</subfield>
<subfield code="a">Rūḥānī, Maḥmūd,</subfield>
<subfield code="d">1936 or 1937-</subfield>
</datafield>
<datafield tag="245" ind1="1" ind2="3">
<subfield code="6">880-02</subfield>
<subfield code="a">al-Muʻjam al-iḥṣāʼī li-alfāẓ al-Qurʼān al-Karīm =</subfield>
<subfield code="b">Farhang-i āmārī-i kalimāt-i Qurʼān-i Karīm /</subfield>
<subfield code="c">taʼlīf va taḥqīq-i Maḥmūd Rūḥānī.</subfield>
</datafield>
<datafield tag="246" ind1="3" ind2=" ">
<subfield code="6">880-03</subfield>
<subfield code="a">Farhang-i āmārī-i kalimāt-i Qurʼān-i Karīm</subfield>
</datafield>
<datafield tag="250" ind1=" " ind2=" ">
<subfield code="6">880-04</subfield>
<subfield code="a">Chap̄-i 1.</subfield>
</datafield>
<datafield tag="260" ind1=" " ind2=" ">
<subfield code="6">880-05</subfield>
<subfield code="a">Mashhad :</subfield>
<subfield code="b">Muʼassasah-ʼi Chāp va Intishārāt-i Āstān-i Quds-i Raz̤avī,</subfield>
<subfield code="c">1987-1990.</subfield>
</datafield>
<datafield tag="300" ind1=" " ind2=" ">
<subfield code="a">3 volumes :</subfield>
<subfield code="b">facsimiles ;</subfield>
<subfield code="c">25 cm</subfield>
</datafield>
<datafield tag="336" ind1=" " ind2=" ">
<subfield code="a">text</subfield>
<subfield code="b">txt</subfield>
<subfield code="2">rdacontent</subfield>
</datafield>
<datafield tag="337" ind1=" " ind2=" ">
<subfield code="a">unmediated</subfield>
<subfield code="b">n</subfield>
<subfield code="2">rdamedia</subfield>
</datafield>
<datafield tag="338" ind1=" " ind2=" ">
<subfield code="a">volume</subfield>
<subfield code="b">nc</subfield>
<subfield code="2">rdacarrier</subfield>
</datafield>
<datafield tag="490" ind1="1" ind2=" ">
<subfield code="6">880-06</subfield>
<subfield code="a">Muʼassasah-i Chāp va Intishārāt-i Āstān-i Quds-i Raz̤avī ;</subfield>
<subfield code="v">21</subfield>
</datafield>
<datafield tag="500" ind1=" " ind2=" ">
<subfield code="a">Persian and Arabic; preface in English.</subfield>
</datafield>
<datafield tag="500" ind1=" " ind2=" ">
<subfield code="a">Title on added t.p.: A statistical dictionary of Quranic words.</subfield>
</datafield>
<datafield tag="500" ind1=" " ind2=" ">
<subfield code="a">"Muʼassasah-ʼi Chāp va Intishārāt-i Āstān-i Quds-i Raz̤avī, 41"--Title page verso.</subfield>
</datafield>
<datafield tag="504" ind1=" " ind2=" ">
<subfield code="a">Includes bibliographical references (v. 1., pages 691-702) and indexes.</subfield>
</datafield>
<datafield tag="505" ind1="0" ind2=" ">
<subfield code="6">880-07</subfield>
<subfield code="a">al-mujallad 1. al-Madkhal -- al-mujallad 2. Min al-hamzah ilá al-sīn -- al-mujallad 3. Min al-shīn ilá al-yāʼ.</subfield>
</datafield>
<datafield tag="630" ind1="0" ind2="0">
<subfield code="a">Qurʼan</subfield>
<subfield code="v">Concordances.</subfield>
</datafield>
<datafield tag="650" ind1=" " ind2="0">
<subfield code="a">Arabic language</subfield>
<subfield code="x">Word frequency.</subfield>
</datafield>
<datafield tag="630" ind1="0" ind2="7">
<subfield code="a">Qurʼan.</subfield>
<subfield code="2">fast</subfield>
<subfield code="0">(OCoLC)fst01842877</subfield>
</datafield>
<datafield tag="650" ind1=" " ind2="7">
<subfield code="a">Arabic language</subfield>
<subfield code="x">Word frequency.</subfield>
<subfield code="2">fast</subfield>
<subfield code="0">(OCoLC)fst00812467</subfield>
</datafield>
<datafield tag="655" ind1=" " ind2="7">
<subfield code="a">Concordances.</subfield>
<subfield code="2">fast</subfield>
<subfield code="0">(OCoLC)fst01423768</subfield>
</datafield>
<datafield tag="740" ind1="0" ind2=" ">
<subfield code="a">Statistical dictionary of Quranic words.</subfield>
</datafield>
<datafield tag="880" ind1="1" ind2=" ">
<subfield code="6">100-01/</subfield>
<subfield code="a">محمود روحانى،</subfield>
<subfield code="d">1936 or 1937-</subfield>
</datafield>
<datafield tag="880" ind1="1" ind2="3">
<subfield code="6">245-02/</subfield>
<subfield code="a">المعجم الإحصائي لألفاظ القرآن الكريم =</subfield>
<subfield code="b">فرهنك ٱمارى كلمات قرٱن كريم /</subfield>
<subfield code="c">تأليف وتحقيق محمود روحانى.</subfield>
</datafield>
<datafield tag="880" ind1="3" ind2=" ">
<subfield code="6">246-03/</subfield>
<subfield code="a">فرهنك ٱمارى كلمات قرٱن كريم</subfield>
</datafield>
<datafield tag="880" ind1=" " ind2=" ">
<subfield code="6">250-04/</subfield>
<subfield code="a">جاپ ١.</subfield>
</datafield>
<datafield tag="880" ind1=" " ind2=" ">
<subfield code="6">260-05/</subfield>
<subfield code="a">مشهد :</subfield>
<subfield code="b">مؤسسة جاپ وانتشارات استان قدس رضوى،</subfield>
<subfield code="c">1987-1990.</subfield>
</datafield>
<datafield tag="880" ind1="1" ind2=" ">
<subfield code="6">490-06/</subfield>
<subfield code="a">مؤسسة جاپ و انتشارات آستان قدس رضدى ؛</subfield>
<subfield code="v">٢١</subfield>
</datafield>
<datafield tag="880" ind1="0" ind2=" ">
<subfield code="6">505-07/</subfield>
<subfield code="a">المجلد ١. المدخل -- المجلد ٢. من الهمزة ٳلى السين -- المجلد ٣. من الشين الى الياء.</subfield>
</datafield>
<datafield tag="830" ind1=" " ind2="0">
<subfield code="6">880-08</subfield>
<subfield code="a">Muʼassasah-i Chāp va Intishārāt-i Āstān-i Quds-i Raz̤avī ;</subfield>
<subfield code="v">21.</subfield>
</datafield>
<datafield tag="880" ind1=" " ind2="0">
<subfield code="6">830-08/</subfield>
<subfield code="a">مؤسسة جاپ و انتشارات آستان قدس رضدى ؛</subfield>
<subfield code="v">٢١.</subfield>
</datafield>
<datafield tag="OWN" ind1=" " ind2=" ">
<subfield code="a">GENERAL</subfield>
</datafield>
<datafield tag="AVA" ind1=" " ind2=" ">
<subfield code="a">NYU50</subfield>
<subfield code="b">BOBST</subfield>
<subfield code="c">Main Collection</subfield>
<subfield code="d">BP133 .R83 1987</subfield>
<subfield code="e">unavailable</subfield>
<subfield code="t">Unavailable</subfield>
<subfield code="f">3</subfield>
<subfield code="g">3</subfield>
<subfield code="h">Y</subfield>
<subfield code="i">0</subfield>
<subfield code="j">MAIN</subfield>
<subfield code="k">0</subfield>
</datafield>
<datafield tag="AVA" ind1=" " ind2=" ">
<subfield code="a">NYU50</subfield>
<subfield code="b">NKEV</subfield>
<subfield code="c">Main Collection</subfield>
<subfield code="d">BP133 .R83 1987 Non-Circulating</subfield>
<subfield code="e">available</subfield>
<subfield code="t">Available</subfield>
<subfield code="f">3</subfield>
<subfield code="g">0</subfield>
<subfield code="h">Y</subfield>
<subfield code="i">0</subfield>
<subfield code="j">MAIN</subfield>
<subfield code="k">0</subfield>
</datafield>
</record>
